@article{ModelingCourseControl,
	author = {Kristian L. Wille and Vahid Hassani and Florian Sprenger},
	journal = {IFAC-PapersOnLine},
	number = {23},
	pages = {532-539},
	title = {Modeling and Course Control of Sailboats},
	volume = {49},
	year = {2016}}

@article{RollController,
  title={Stabilization Control of Sailboats},
  author={Kristian L. Wille and Vahid Hassani and Florian Sprenger},
  journal={10th IFAC Conference on Control Applications in Marine Systems},
  year={2016},
  pages={552},
  address={Trondheim, Norway},
}
@misc{UNCTAD2023,
  title={Review of Maritime Transport 2023},
  author={{United Nations Conference on Trade and Development (UNCTAD)}},
  year={2023},
  url={https://unctad.org/system/files/official-document/rmt2023ch3_en.pdf},
  note={Accessed: 2024-5-5}
}

@article{Xiao2014Modeling,
  author    = {L. Xiao and J. Jouffroy},
  title     = {Modeling and Nonlinear Heading Control of Sailing Yachts},
  journal   = {IEEE Journal of Oceanic Engineering},
  volume    = {39},
  number    = {2},
  pages     = {256--268},
  year      = {2014},
  doi       = {},  
  publisher = {IEEE}
}
@book{fossen2011handbook,
  title={Handbook of Marine Craft Hydrodynamics and Motion Control},
  author={Fossen, Thor I.},
  publisher={John Wiley \& Sons},
  year={2011}
}

@misc{AirfoilTools2024,
  author = {{Airfoil Tools}},
  title = {NACA 4 Digit Airfoil Search},
  year = {2024},
  url = {http://airfoiltools.com/search/index?m%5Bgrp%5D=naca4d&m%5Bsort%5D=1},
  note = {Accessed on: yyyy-mm-dd}
}

@inproceedings{Saoud2015OptimalSail,
  author = {Saoud, H. and Hua, M.-D. and Plumet, F. and Ben Amar, F.},
  title = {Optimal Sail Angle Computation for an Autonomous Sailboat Robot},
  booktitle = {2015 54th IEEE Conference on Decision and Control (CDC)},
  year = {2015},
  pages = {807--813},
  address = {Osaka, Japan},
  doi = {10.1109/CDC.2015.7402329},
  keywords = {Radio frequency; Force; Torque; Robots; Dynamics; Stability analysis; Mathematical model}
}

@article{Michael2014PropulsivePower,
  title={Propulsive power contribution of a kite and a Flettner rotor on selected shipping routes},
  author={Michael, T. and Gilbert, P. and Walsh, C. and Bows, A. and Filippone, A. and Stansby, P. and Wood, R.},
  journal={Applied Energy},
  volume={113},
  pages={362--372},
  year={2014}
}
@misc{Lewis2023WindPowered,
  author = {Lewis, Nell},
  title = {Wind-powered cargo ship sets sail in a move to make shipping greener},
  year = {2023},
  month = {8},
  day = {21},
  url = {https://www.cnn.com/2023/08/22/travel/wind-powered-cargo-ship-cargill-bartech-climate-c2e-spc-intl/index.html},
  note = {Accessed: yyyy-mm-dd}
}

@misc{NaturalEarth,
    title = {Natural Earth},
    url={https://www.naturalearthdata.com/}}

@incollection{Carter2012Watercraft,
  author = {Carter, R.},
  title = {Watercraft},
  booktitle = {A Companion to the Archaeology of the Ancient Near East},
  publisher = {John Wiley \& Sons},
  year = {2012},
  editor = {D.T. Potts},
  chapter = {Watercraft}
}

@article{ERA5,
	author = {Hersbach, Hans and Bell, Bill and Berrisford, Paul and Hirahara, Shoji and Hor{\'a}nyi, Andr{\'a}s and Mu{\~n}oz-Sabater, Joaqu{\'\i}n and Nicolas, Julien and Peubey, Carole and Radu, Raluca and Schepers, Dinand and Simmons, Adrian and Soci, Cornel and Abdalla, Saleh and Abellan, Xavier and Balsamo, Gianpaolo and Bechtold, Peter and Biavati, Gionata and Bidlot, Jean and Bonavita, Massimo and De Chiara, Giovanna and Dahlgren, Per and Dee, Dick and Diamantakis, Michail and Dragani, Rossana and Flemming, Johannes and Forbes, Richard and Fuentes, Manuel and Geer, Alan and Haimberger, Leo and Healy, Sean and Hogan, Robin J. and H{\'o}lm, El{\'\i}as and Janiskov{\'a}, Marta and Keeley, Sarah and Laloyaux, Patrick and Lopez, Philippe and Lupu, Cristina and Radnoti, Gabor and de Rosnay, Patricia and Rozum, Iryna and Vamborg, Freja and Villaume, Sebastien and Th{\'e}paut, Jean-No{\"e}l},
	journal = {Quarterly Journal of the Royal Meteorological Society},
	number = {730},
	pages = {1999-2049},
	title = {The ERA5 global reanalysis},
	volume = {146},
	year = {2020}}

@article{RRT-star,
  author       = {Sertac Karaman and Emilio Frazzoli},
  title        = {Sampling-based Algorithms for Optimal Motion Planning},
  journal      = {CoRR},
  volume       = {abs/1105.1186},
  year         = {2011},
  url          = {http://arxiv.org/abs/1105.1186},
  eprinttype    = {arXiv},
  eprint       = {1105.1186},
  timestamp    = {Mon, 13 Aug 2018 16:49:16 +0200},
  biburl       = {https://dblp.org/rec/journals/corr/abs-1105-1186.bib},
  bibsource    = {dblp computer science bibliography, https://dblp.org}
}

@article{NACA,
    author = {E. N. Jacobs and K. E. Ward and R. M. Pinkerton},
    title = {NACA Report No. 460, The characteristics of 78 related airfoil sections from tests in the variable-density wind tunnel},
    publisher = {NACA},
    year = {1933}
}